{"gold_per_floor":[13,28,43,54,19,19,51,74,74,93,93,3,38,58,58,135,135,146,157,157,173,173],"floor_reached":22,"playtime":778,"items_purged":[],"score":396,"play_id":"64f8dc17-c81a-404b-8aa7-2e0909393761","local_time":"20210724140540","is_ascension_mode":true,"campfire_choices":[{"data":"Zap","floor":6.0,"key":"SMITH"},{"data":"Dualcast","floor":11.0,"key":"SMITH"},{"data":"Gash","floor":15.0,"key":"SMITH"}],"neow_cost":"NO_GOLD","seed_source_timestamp":0,"circlet_count":0,"master_deck":["AscendersBane","Zap+1","Dualcast+1","All For One","Gash+1","Cold Snap","Doom and Gloom","Turbo","Chill","Cold Snap","Beam Cell","Coolheaded+1","Skim+1","Capacitor","Aggregate+1","Buffer","Buffer","Genetic Algorithm+1","Stack+1","Aggregate+1","Beam Cell","FTL","Undo+1","Steam+1","Cold Snap","Defragment","Conserve Battery+1"],"special_seed":0,"relics":["Cracked Core","Symbiotic Virus","Odd Mushroom","Toxic Egg 2","Cables","Pandora\u0027s Box"],"potions_floor_usage":[],"damage_taken":[{"damage":0.0,"enemies":"2 Louse","floor":1.0,"turns":1.0},{"damage":0.0,"enemies":"Small Slimes","floor":2.0,"turns":2.0},{"damage":7.0,"enemies":"Jaw Worm","floor":3.0,"turns":2.0},{"damage":0.0,"enemies":"Gremlin Gang","floor":4.0,"turns":1.0},{"damage":24.0,"enemies":"Lagavulin","floor":7.0,"turns":7.0},{"damage":2.0,"enemies":"The Mushroom Lair","floor":8.0,"turns":3.0},{"damage":8.0,"enemies":"Blue Slaver","floor":10.0,"turns":2.0},{"damage":8.0,"enemies":"Gremlin Nob","floor":13.0,"turns":3.0},{"damage":14.0,"enemies":"Lots of Slimes","floor":14.0,"turns":3.0},{"damage":8.0,"enemies":"The Guardian","floor":16.0,"turns":9.0},{"damage":11.0,"enemies":"2 Thieves","floor":18.0,"turns":4.0},{"damage":4.0,"enemies":"3 Byrds","floor":19.0,"turns":4.0},{"damage":32.0,"enemies":"Snake Plant","floor":21.0,"turns":4.0},{"damage":9,"enemies":"Chosen and Byrds","floor":22,"turns":3}],"seed_played":"-8488716224327360222","potions_obtained":[{"floor":2.0,"key":"AttackPotion"},{"floor":8.0,"key":"Weak Potion"},{"floor":14.0,"key":"Weak Potion"},{"floor":18.0,"key":"Explosive Potion"},{"floor":19.0,"key":"BlessingOfTheForge"}],"is_trial":false,"path_per_floor":["M","M","M","M","?","R","E","?","T","M","R","$","E","M","R","B",null,"M","M","?","M","M"],"character_chosen":"DEFECT","items_purchased":["Coolheaded+1","Skim+1"],"campfire_rested":0,"item_purchase_floors":[12,12],"current_hp_per_floor":[64,64,57,57,71,71,47,45,45,37,37,37,29,15,15,7,55,44,40,40,8,0],"gold":173,"neow_bonus":"THREE_RARE_CARDS","is_prod":false,"is_daily":false,"chose_seed":true,"campfire_upgraded":3,"win_rate":0,"timestamp":1627106740,"path_taken":["M","M","M","M","?","R","E","?","T","M","R","?","E","M","R","BOSS","M","?","?","M","M"],"build_version":"2020-12-22","purchased_purges":0,"victory":false,"max_hp_per_floor":[71,71,71,71,71,71,71,71,71,71,71,71,71,71,71,71,71,71,71,71,71,71],"card_choices":[{"not_picked":["Amplify","Seek"],"picked":"All For One","floor":0.0},{"not_picked":["Leap","Redo"],"picked":"Gash","floor":1.0},{"not_picked":["Sunder","Force Field"],"picked":"Cold Snap","floor":2.0},{"not_picked":["Conserve Battery","Aggregate"],"picked":"Doom and Gloom","floor":3.0},{"not_picked":["Hologram","Reprogram"],"picked":"Turbo","floor":4.0},{"not_picked":["Tempest","Chaos"],"picked":"Chill","floor":7.0},{"not_picked":["Barrage","Doom and Gloom"],"picked":"Cold Snap","floor":8.0},{"not_picked":["Redo+1","Leap+1"],"picked":"Beam Cell","floor":10.0},{"not_picked":["Conserve Battery+1","Hyperbeam"],"picked":"Capacitor","floor":13.0},{"not_picked":["Coolheaded+1","Gash"],"picked":"Aggregate+1","floor":14.0},{"not_picked":["Machine Learning","Amplify+1"],"picked":"Buffer","floor":16.0},{"not_picked":["Leap+1","Storm"],"picked":"Steam+1","floor":18.0},{"not_picked":["Rip and Tear","Go for the Eyes"],"picked":"Cold Snap","floor":19.0},{"not_picked":["Double Energy+1","Chaos+1"],"picked":"Conserve Battery+1","floor":21.0}],"player_experience":1370599,"relics_obtained":[{"floor":7.0,"key":"Symbiotic Virus"},{"floor":8.0,"key":"Odd Mushroom"},{"floor":9.0,"key":"Toxic Egg 2"},{"floor":13.0,"key":"Cables"}],"event_choices":[{"damage_healed":17.0,"max_hp_gain":0.0,"max_hp_loss":0.0,"gold_gain":0.0,"event_name":"The Cleric","player_choice":"Healed","floor":5.0,"gold_loss":35.0,"damage_taken":0.0},{"damage_healed":0.0,"max_hp_gain":0.0,"max_hp_loss":0.0,"gold_gain":0.0,"event_name":"Mushrooms","player_choice":"Fought Mushrooms","floor":8.0,"gold_loss":0.0,"damage_taken":0.0},{"damage_healed":0.0,"max_hp_gain":0.0,"max_hp_loss":0.0,"gold_gain":0.0,"cards_transformed":["Heatsinks"],"event_name":"Transmorgrifier","player_choice":"Transformed","floor":20.0,"gold_loss":0.0,"damage_taken":0.0,"cards_obtained":["Defragment"]}],"is_beta":false,"boss_relics":[{"not_picked":["Astrolabe","Nuclear Battery"],"picked":"Pandora\u0027s Box"}],"items_purged_floors":[],"is_endless":false,"potions_floor_spawned":[2,8,14,18,19],"killed_by":"Chosen and Byrds","ascension_level":20}