{"gold_per_floor":[110,75,94,106,156,156,190,208,208,223,243,275,291,317,317,395,395,407,431,448,459,477,477],"floor_reached":23,"playtime":1099,"items_purged":[],"score":434,"play_id":"0b93bd9f-d9ff-4ff1-a084-c326fdf97262","local_time":"20210724162936","is_ascension_mode":true,"campfire_choices":[{"data":"Sunder","floor":6.0,"key":"SMITH"},{"data":"Capacitor","floor":15.0,"key":"SMITH"}],"neow_cost":"NONE","seed_source_timestamp":761871945889600,"circlet_count":0,"master_deck":["AscendersBane","Strike_B","Strike_B","Strike_B","Strike_B","Defend_B","Defend_B","Defend_B","Defend_B","Zap+1","Dualcast","Sunder+1","Sweeping Beam","Self Repair","Self Repair","Echo Form","Conserve Battery","Machine Learning","Cold Snap","Capacitor+1","Reboot","Coolheaded+1"],"special_seed":0,"relics":["Cracked Core","Vajra","Question Card","Dead Branch","Anchor","Coffee Dripper"],"potions_floor_usage":[23],"damage_taken":[{"damage":7.0,"enemies":"Small Slimes","floor":1.0,"turns":4.0},{"damage":0.0,"enemies":"2 Louse","floor":3.0,"turns":2.0},{"damage":0.0,"enemies":"Cultist","floor":4.0,"turns":2.0},{"damage":38.0,"enemies":"Gremlin Nob","floor":7.0,"turns":4.0},{"damage":4.0,"enemies":"Blue Slaver","floor":8.0,"turns":4.0},{"damage":8.0,"enemies":"Exordium Thugs","floor":10.0,"turns":3.0},{"damage":16.0,"enemies":"Looter","floor":11.0,"turns":4.0},{"damage":18.0,"enemies":"Lagavulin","floor":12.0,"turns":8.0},{"damage":26.0,"enemies":"3 Louse","floor":13.0,"turns":3.0},{"damage":16.0,"enemies":"3 Sentries","floor":14.0,"turns":6.0},{"damage":28.0,"enemies":"Slime Boss","floor":16.0,"turns":7.0},{"damage":5.0,"enemies":"2 Thieves","floor":18.0,"turns":4.0},{"damage":6.0,"enemies":"Shell Parasite","floor":20.0,"turns":3.0},{"damage":34.0,"enemies":"Shelled Parasite and Fungi","floor":21.0,"turns":6.0},{"damage":12.0,"enemies":"3 Cultists","floor":22.0,"turns":5.0},{"damage":49,"enemies":"Slavers","floor":23,"turns":3}],"seed_played":"6421098792361617171","potions_obtained":[{"floor":1.0,"key":"SkillPotion"},{"floor":4.0,"key":"Block Potion"},{"floor":10.0,"key":"SpeedPotion"},{"floor":12.0,"key":"PowerPotion"},{"floor":18.0,"key":"ColorlessPotion"}],"is_trial":false,"path_per_floor":["M","?","M","M","?","R","E","M","T","M","M","E","M","E","R","B",null,"M","T","M","M","M","E"],"character_chosen":"DEFECT","items_purchased":[],"campfire_rested":0,"item_purchase_floors":[],"current_hp_per_floor":[57,71,71,71,71,71,33,36,36,42,40,50,38,36,36,22,59,68,68,69,49,44,0],"gold":477,"neow_bonus":"UPGRADE_CARD","is_prod":false,"is_daily":false,"chose_seed":false,"campfire_upgraded":2,"win_rate":0,"timestamp":1627115376,"path_taken":["M","?","M","M","?","R","E","M","T","M","M","E","M","E","R","BOSS","M","?","M","M","M","E"],"build_version":"2020-12-22","purchased_purges":0,"victory":false,"max_hp_per_floor":[71,71,71,71,71,71,71,71,71,71,71,71,71,71,71,71,71,71,71,71,71,71,71],"card_choices":[{"not_picked":["Rebound","White Noise"],"picked":"Sunder","floor":1.0},{"not_picked":["Loop","Force Field"],"picked":"Sweeping Beam","floor":3.0},{"not_picked":["Beam Cell","Gash","Redo"],"picked":"SKIP","floor":4.0},{"not_picked":["Redo","Defragment"],"picked":"Self Repair","floor":7.0},{"not_picked":["Chaos","Sunder"],"picked":"Self Repair","floor":8.0},{"not_picked":["Go for the Eyes","Ball Lightning","Beam Cell"],"picked":"Echo Form","floor":10.0},{"not_picked":["Hologram","Beam Cell","Redo"],"picked":"Conserve Battery","floor":11.0},{"not_picked":["Stack","Coolheaded","Multi-Cast"],"picked":"Machine Learning","floor":12.0},{"not_picked":["Redo","Rebound","Streamline"],"picked":"Cold Snap","floor":13.0},{"not_picked":["Stack","Thunder Strike","Storm"],"picked":"Capacitor","floor":14.0},{"not_picked":["Machine Learning","Thunder Strike","All For One"],"picked":"Reboot","floor":16.0},{"not_picked":["Cold Snap+1","Ball Lightning","Genetic Algorithm"],"picked":"Coolheaded+1","floor":18.0},{"not_picked":["Genetic Algorithm","Stack","Rebound+1","Barrage"],"picked":"SKIP","floor":20.0},{"not_picked":["Hello World","Redo","Beam Cell","Cold Snap"],"picked":"SKIP","floor":21.0},{"not_picked":["Go for the Eyes","Steam","Beam Cell","Barrage"],"picked":"SKIP","floor":22.0}],"player_experience":1371377,"relics_obtained":[{"floor":7.0,"key":"Vajra"},{"floor":9.0,"key":"Question Card"},{"floor":12.0,"key":"Dead Branch"},{"floor":14.0,"key":"Anchor"}],"event_choices":[{"damage_healed":17.0,"max_hp_gain":0.0,"max_hp_loss":0.0,"gold_gain":0.0,"event_name":"The Cleric","player_choice":"Healed","floor":2.0,"gold_loss":35.0,"damage_taken":0.0},{"damage_healed":0.0,"max_hp_gain":0.0,"max_hp_loss":0.0,"gold_gain":50.0,"event_name":"Golden Shrine","player_choice":"Pray","floor":5.0,"gold_loss":0.0,"damage_taken":0.0}],"is_beta":false,"boss_relics":[{"not_picked":["Busted Crown","Inserter"],"picked":"Coffee Dripper"}],"items_purged_floors":[],"is_endless":false,"potions_floor_spawned":[1,4,10,12,18],"killed_by":"Slavers","ascension_level":20}