{"gold_per_floor":[111,161,65,85,103,137,147,173,243,243,258,291,11,11,11,87,87,100,110,27,45,55,81,81,97,122,122,174,189,220,252,252,330,330,341,341,1340,880,880,907,757,783,783,783,809,809,407,419,419,419,419,419,419,39,71,71],"floor_reached":57,"playtime":3760,"items_purged":["Normality","Static Discharge","Hyperbeam","Streamline"],"score":3257,"play_id":"b9117324-47d9-4070-9909-6fe112854d32","local_time":"20210730012458","is_ascension_mode":true,"campfire_choices":[{"data":"Biased Cognition","floor":10.0,"key":"SMITH"},{"data":"Capacitor","floor":15.0,"key":"SMITH"},{"data":"Zap","floor":24.0,"key":"SMITH"},{"data":"Self Repair","floor":27.0,"key":"SMITH"},{"floor":32.0,"key":"RECALL"},{"data":"FTL","floor":44.0,"key":"SMITH"},{"data":"Dualcast","floor":46.0,"key":"SMITH"},{"data":"Machine Learning","floor":49.0,"key":"SMITH"},{"data":"Echo Form","floor":53.0,"key":"SMITH"}],"neow_cost":"NONE","seed_source_timestamp":1223626411996200,"circlet_count":0,"master_deck":["AscendersBane","Zap+1","Dualcast+1","Beam Cell","Self Repair+1","Biased Cognition+1","Coolheaded+1","Turbo+1","Ball Lightning+1","Glacier+1","Redo+1","Skim+1","Capacitor+1","Blind+1","Reboot+1","Zap+1","Force Field+1","Echo Form+1","Core Surge","Undo+1","Skim+1","Double Energy+1","Machine Learning+1","Auto Shields+1","Amplify+1","Turbo+1","Fusion+1","Self Repair","BootSequence+1","Flash of Steel","Leap+1","Biased Cognition+1","FTL+1","All For One","Hologram+1","Defragment+1","Glacier+1","Violence+1","Sweeping Beam+1","Defragment+1","Secret Technique+1","Capacitor+1"],"special_seed":0,"relics":["Cracked Core","NeowsBlessing","Toxic Egg 2","Incense Burner","Omamori","Membership Card","Busted Crown","Gambling Chip","Anchor","FossilizedHelix","Symbiotic Virus","Red Mask","Pandora\u0027s Box","OrangePellets","Frozen Egg 2","Question Card","Singing Bowl","TungstenRod","Regal Pillow","Dream Catcher","Orrery","Whetstone","Pen Nib","Akabeko","Du-Vu Doll"],"potions_floor_usage":[56],"damage_taken":[{"damage":0.0,"enemies":"Jaw Worm","floor":1.0,"turns":1.0},{"damage":0.0,"enemies":"Cultist","floor":4.0,"turns":1.0},{"damage":0.0,"enemies":"Small Slimes","floor":5.0,"turns":1.0},{"damage":30.0,"enemies":"Lagavulin","floor":6.0,"turns":6.0},{"damage":12.0,"enemies":"2 Fungi Beasts","floor":7.0,"turns":4.0},{"damage":24.0,"enemies":"Gremlin Nob","floor":8.0,"turns":4.0},{"damage":22.0,"enemies":"Exordium Thugs","floor":11.0,"turns":4.0},{"damage":12.0,"enemies":"3 Sentries","floor":12.0,"turns":5.0},{"damage":5.0,"enemies":"Hexaghost","floor":16.0,"turns":11.0},{"damage":0.0,"enemies":"Chosen","floor":18.0,"turns":7.0},{"damage":12.0,"enemies":"2 Thieves","floor":19.0,"turns":4.0},{"damage":0.0,"enemies":"Snecko","floor":21.0,"turns":5.0},{"damage":12.0,"enemies":"Snake Plant","floor":22.0,"turns":3.0},{"damage":12.0,"enemies":"Gremlin Leader","floor":23.0,"turns":5.0},{"damage":26.0,"enemies":"Sentry and Sphere","floor":25.0,"turns":4.0},{"damage":1.0,"enemies":"Slavers","floor":28.0,"turns":4.0},{"damage":0.0,"enemies":"Snecko","floor":29.0,"turns":4.0},{"damage":0.0,"enemies":"Gremlin Leader","floor":30.0,"turns":6.0},{"damage":0.0,"enemies":"Masked Bandits","floor":31.0,"turns":6.0},{"damage":40.0,"enemies":"Automaton","floor":33.0,"turns":10.0},{"damage":0.0,"enemies":"3 Shapes","floor":35.0,"turns":4.0},{"damage":0.0,"enemies":"Nemesis","floor":40.0,"turns":7.0},{"damage":0.0,"enemies":"Giant Head","floor":42.0,"turns":6.0},{"damage":0.0,"enemies":"Reptomancer","floor":45.0,"turns":6.0},{"damage":0.0,"enemies":"3 Darklings","floor":48.0,"turns":3.0},{"damage":41.0,"enemies":"Awakened One","floor":50.0,"turns":11.0},{"damage":0.0,"enemies":"Donu and Deca","floor":51.0,"turns":9.0},{"damage":0.0,"enemies":"Shield and Spear","floor":55.0,"turns":7.0},{"damage":13,"enemies":"The Heart","floor":56,"turns":8}],"seed_played":"4118582370065289981","potions_obtained":[{"floor":6.0,"key":"Fruit Juice"},{"floor":7.0,"key":"Weak Potion"},{"floor":11.0,"key":"AttackPotion"},{"floor":12.0,"key":"FearPotion"},{"floor":21.0,"key":"PotionOfCapacity"},{"floor":22.0,"key":"DuplicationPotion"},{"floor":25.0,"key":"ColorlessPotion"},{"floor":29.0,"key":"Energy Potion"},{"floor":48.0,"key":"Fruit Juice"}],"is_trial":false,"path_per_floor":["M","?","$","M","M","E","M","E","T","R","M","E","$","?","R","B",null,"M","M","$","M","M","E","R","M","T","R","E","M","E","?","R","B",null,"M","?","?","$","?","E","$","E","T","R","E","R","$","M","R","B","B",null,"R","$","E","B",null],"character_chosen":"DEFECT","items_purchased":["Self Repair","Streamline","Membership Card","Skim+1","Capacitor","Blind+1","Core Surge","Undo+1","OrangePellets","Frozen Egg 2","Question Card","Flash of Steel","Leap+1","All For One","Hologram+1","Defragment+1","Glacier+1","Violence+1","Orrery","Whetstone","Secret Technique+1","Pen Nib","SkillPotion","Akabeko"],"campfire_rested":0,"item_purchase_floors":[3,3,13,13,13,13,20,20,38,38,38,38,38,41,41,47,47,47,47,47,54,54,54,54],"current_hp_per_floor":[64,64,64,71,71,53,48,31,31,31,16,11,11,11,11,13,60,67,62,62,69,57,52,52,40,40,40,49,59,69,76,76,56,71,76,76,76,76,76,76,76,78,78,78,80,80,86,93,93,76,93,93,93,93,93,93],"gold":71,"neow_bonus":"THREE_ENEMY_KILL","is_prod":false,"is_daily":false,"chose_seed":false,"campfire_upgraded":8,"win_rate":0,"timestamp":1627579498,"path_taken":["M","?","?","M","M","E","M","E","T","R","M","E","$","?","R","BOSS","M","M","$","?","M","E","R","M","T","R","E","M","E","?","R","BOSS","M","?","?","$","?","E","$","E","T","R","E","R","$","M","R","BOSS","BOSS","R","$","E","BOSS"],"build_version":"2020-12-22","purchased_purges":4,"victory":true,"max_hp_per_floor":[71,71,71,71,71,76,76,76,76,76,76,76,76,76,76,76,76,76,76,76,76,76,76,76,76,76,76,76,76,76,76,76,76,76,76,76,76,76,76,76,76,78,78,78,80,80,86,93,93,93,93,93,93,93,93,93],"card_choices":[{"not_picked":["Stack","Rebound"],"picked":"Beam Cell","floor":1.0},{"not_picked":["Coolheaded","Hello World","Barrage"],"picked":"SKIP","floor":4.0},{"not_picked":["Beam Cell","Glacier"],"picked":"Biased Cognition","floor":5.0},{"not_picked":["Stack+1","Melter"],"picked":"Coolheaded+1","floor":6.0},{"not_picked":["Hologram+1","Cold Snap"],"picked":"Turbo+1","floor":7.0},{"not_picked":["Static Discharge","Leap+1"],"picked":"Ball Lightning","floor":8.0},{"not_picked":["Redo+1","Scrape"],"picked":"Glacier+1","floor":11.0},{"not_picked":["Cold Snap","Meteor Strike"],"picked":"Redo+1","floor":12.0},{"not_picked":["Meteor Strike","Creative AI"],"picked":"Echo Form","floor":16.0},{"not_picked":["Conserve Battery+1"],"picked":"SKIP","floor":18.0},{"not_picked":["Steam+1"],"picked":"SKIP","floor":19.0},{"not_picked":["Cold Snap"],"picked":"SKIP","floor":21.0},{"not_picked":["Beam Cell"],"picked":"SKIP","floor":22.0},{"not_picked":[],"picked":"Skim+1","floor":23.0},{"not_picked":["Steam+1"],"picked":"SKIP","floor":25.0},{"not_picked":["Gash"],"picked":"SKIP","floor":28.0},{"not_picked":[],"picked":"Double Energy+1","floor":29.0},{"not_picked":["Beam Cell"],"picked":"SKIP","floor":30.0},{"not_picked":[],"picked":"Machine Learning","floor":33.0},{"not_picked":["Beam Cell"],"picked":"SKIP","floor":35.0},{"not_picked":["Melter"],"picked":"FTL","floor":40.0},{"not_picked":["Redo+1","Heatsinks+1"],"picked":"Singing Bowl","floor":42.0},{"not_picked":["Turbo+1","Blizzard"],"picked":"Singing Bowl","floor":45.0},{"not_picked":["Rebound","Compile Driver"],"picked":"Singing Bowl","floor":47.0},{"not_picked":["Conserve Battery+1","Steam+1"],"picked":"Singing Bowl","floor":47.0},{"not_picked":["Go for the Eyes","Redo+1"],"picked":"Singing Bowl","floor":47.0},{"not_picked":["Amplify+1"],"picked":"Sweeping Beam","floor":47.0},{"not_picked":["Go for the Eyes"],"picked":"Defragment+1","floor":47.0},{"not_picked":["Cold Snap","White Noise+1"],"picked":"Singing Bowl","floor":48.0},{"not_picked":["Steam+1"],"picked":"Capacitor+1","floor":55.0}],"player_experience":1395600,"relics_obtained":[{"floor":6.0,"key":"Toxic Egg 2"},{"floor":8.0,"key":"Incense Burner"},{"floor":12.0,"key":"Omamori"},{"floor":23.0,"key":"Gambling Chip"},{"floor":26.0,"key":"Anchor"},{"floor":28.0,"key":"FossilizedHelix"},{"floor":30.0,"key":"Symbiotic Virus"},{"floor":31.0,"key":"Red Mask"},{"floor":40.0,"key":"Singing Bowl"},{"floor":42.0,"key":"TungstenRod"},{"floor":43.0,"key":"Regal Pillow"},{"floor":45.0,"key":"Dream Catcher"},{"floor":55.0,"key":"Du-Vu Doll"}],"event_choices":[{"damage_healed":0.0,"max_hp_gain":0.0,"max_hp_loss":0.0,"gold_gain":50.0,"event_name":"Golden Shrine","player_choice":"Pray","floor":2.0,"gold_loss":0.0,"damage_taken":0.0},{"damage_healed":0.0,"max_hp_gain":0.0,"max_hp_loss":0.0,"gold_gain":0.0,"event_name":"Match and Keep!","player_choice":"3 cards matched","floor":14.0,"gold_loss":0.0,"damage_taken":0.0,"cards_obtained":["Reboot","Zap","Force Field"]},{"damage_healed":0.0,"max_hp_gain":0.0,"max_hp_loss":0.0,"gold_gain":0.0,"event_name":"Masked Bandits","player_choice":"Fought Bandits","floor":31.0,"gold_loss":0.0,"damage_taken":0.0},{"damage_healed":15.0,"max_hp_gain":0.0,"max_hp_loss":0.0,"gold_gain":0.0,"event_name":"Winding Halls","player_choice":"Writhe","floor":36.0,"gold_loss":0.0,"damage_taken":0.0,"cards_obtained":["Writhe"]},{"damage_healed":0.0,"max_hp_gain":0.0,"max_hp_loss":0.0,"gold_gain":999.0,"event_name":"MindBloom","player_choice":"Gold","floor":37.0,"gold_loss":0.0,"damage_taken":0.0,"cards_obtained":["Normality","Normality"]},{"damage_healed":0.0,"max_hp_gain":0.0,"max_hp_loss":0.0,"gold_gain":0.0,"event_name":"Duplicator","player_choice":"Copied","floor":39.0,"gold_loss":0.0,"damage_taken":0.0,"cards_obtained":["Biased Cognition"]}],"is_beta":false,"boss_relics":[{"not_picked":["Inserter","Empty Cage"],"picked":"Busted Crown"},{"not_picked":["Calling Bell","Runic Dome"],"picked":"Pandora\u0027s Box"}],"items_purged_floors":[38,41,47,54],"is_endless":false,"potions_floor_spawned":[6,7,11,12,21,22,25,29,33,45,48],"ascension_level":20}