{"gold_per_floor":[113,263,280,205,205,238,278,324,362,391,403,426,465,495,507,597,609,631,596,608,260,293,321,338,365,365,365,375,375,12,26,26,99,99,115,125,4,4,4,36,51,80,103,103,17,44,44,44,44,44,44,44,44,17,17],"floor_reached":55,"playtime":3789,"items_purged":["Doubt","Strike_B","Zap"],"score":2097,"play_id":"71a3e095-9264-49ef-aa59-3d9ac5b1be00","local_time":"20210727014805","is_ascension_mode":true,"campfire_choices":[{"data":"Coolheaded","floor":15.0,"key":"SMITH"},{"data":"Defragment","floor":27.0,"key":"SMITH"},{"data":"Rainbow","floor":32.0,"key":"SMITH"},{"data":"Buffer","floor":44.0,"key":"SMITH"},{"floor":49.0,"key":"RECALL"},{"data":"Turbo","floor":53.0,"key":"SMITH"}],"neow_cost":"NONE","seed_source_timestamp":964208903117500,"circlet_count":0,"master_deck":["AscendersBane","Strike_B+1","Defend_B+1","Defend_B+1","Defend_B+1","Defend_B+1","Dualcast","Glacier","Rainbow+1","Turbo+1","Rip and Tear+1","Compile Driver","Sweeping Beam","Coolheaded+1","Multi-Cast","Core Surge","Master of Strategy","Redo+1","Buffer+1","Defragment+1","Self Repair+1","Creative AI+1","Steam Power+1","Defragment+1","Static Discharge+1","Thinking Ahead"],"special_seed":0,"relics":["Cracked Core","NeowsBlessing","MawBank","Odd Mushroom","Bag of Preparation","Bronze Scales","Coffee Dripper","Membership Card","Red Mask","DataDisk","Anchor","Darkstone Periapt","Runic Capacitor","Frozen Egg 2","Empty Cage","DollysMirror","Akabeko","Potion Belt","Centennial Puzzle","OrangePellets","Strawberry"],"potions_floor_usage":[],"damage_taken":[{"damage":0.0,"enemies":"Jaw Worm","floor":1.0,"turns":1.0},{"damage":0.0,"enemies":"2 Louse","floor":3.0,"turns":1.0},{"damage":0.0,"enemies":"3 Sentries","floor":6.0,"turns":2.0},{"damage":0.0,"enemies":"The Mushroom Lair","floor":7.0,"turns":4.0},{"damage":26.0,"enemies":"Lagavulin","floor":8.0,"turns":7.0},{"damage":7.0,"enemies":"Small Slimes","floor":10.0,"turns":3.0},{"damage":0.0,"enemies":"Exordium Wildlife","floor":12.0,"turns":3.0},{"damage":15.0,"enemies":"3 Sentries","floor":13.0,"turns":8.0},{"damage":1.0,"enemies":"Looter","floor":14.0,"turns":2.0},{"damage":7.0,"enemies":"Slime Boss","floor":16.0,"turns":5.0},{"damage":13.0,"enemies":"Shell Parasite","floor":18.0,"turns":6.0},{"damage":13.0,"enemies":"2 Thieves","floor":19.0,"turns":5.0},{"damage":4.0,"enemies":"Masked Bandits","floor":22.0,"turns":4.0},{"damage":1.0,"enemies":"Gremlin Leader","floor":23.0,"turns":5.0},{"damage":0.0,"enemies":"Snecko","floor":24.0,"turns":4.0},{"damage":19.0,"enemies":"Book of Stabbing","floor":25.0,"turns":5.0},{"damage":1.0,"enemies":"Cultist and Chosen","floor":28.0,"turns":5.0},{"damage":0.0,"enemies":"Shelled Parasite and Fungi","floor":31.0,"turns":5.0},{"damage":0.0,"enemies":"Champ","floor":33.0,"turns":13.0},{"damage":14.0,"enemies":"3 Darklings","floor":35.0,"turns":6.0},{"damage":0.0,"enemies":"3 Shapes","floor":36.0,"turns":6.0},{"damage":14.0,"enemies":"Nemesis","floor":40.0,"turns":9.0},{"damage":0.0,"enemies":"Spire Growth","floor":41.0,"turns":6.0},{"damage":50.0,"enemies":"Reptomancer","floor":42.0,"turns":9.0},{"damage":12.0,"enemies":"Giant Head","floor":46.0,"turns":11.0},{"damage":4.0,"enemies":"Donu and Deca","floor":50.0,"turns":13.0},{"damage":15.0,"enemies":"Time Eater","floor":51.0,"turns":12.0},{"damage":75,"enemies":"Shield and Spear","floor":55,"turns":5}],"seed_played":"-7204519587026918901","potions_obtained":[{"floor":1.0,"key":"Strength Potion"},{"floor":6.0,"key":"Fire Potion"},{"floor":7.0,"key":"EssenceOfDarkness"},{"floor":16.0,"key":"Swift Potion"},{"floor":23.0,"key":"AttackPotion"},{"floor":25.0,"key":"Fruit Juice"},{"floor":33.0,"key":"FearPotion"},{"floor":41.0,"key":"Weak Potion"},{"floor":46.0,"key":"Fruit Juice"}],"is_trial":false,"path_per_floor":["M","?","M","$","?","E","?","E","T","M","?","M","E","M","R","B",null,"M","M","?","$","?","E","M","E","T","R","M","?","$","M","R","B",null,"M","M","$","?","?","E","M","E","T","R","$","E","?","?","R","B","B",null,"R","$","E"],"character_chosen":"DEFECT","items_purchased":["Membership Card","EntropicBrew","Master of Strategy","Runic Capacitor","Frozen Egg 2","Self Repair+1","Energy Potion","Conserve Battery","DollysMirror","Static Discharge+1","OrangePellets","Weak Potion"],"campfire_rested":0,"item_purchase_floors":[21,21,21,30,30,30,30,30,37,37,45,54],"current_hp_per_floor":[64,64,64,64,64,64,64,38,38,31,31,31,16,15,15,8,55,42,29,29,29,25,24,24,10,10,10,9,9,9,19,19,29,64,60,70,70,70,70,66,76,36,36,36,36,46,46,46,46,52,47,75,75,75,0],"gold":17,"neow_bonus":"THREE_ENEMY_KILL","is_prod":false,"is_daily":false,"chose_seed":false,"campfire_upgraded":5,"win_rate":0,"timestamp":1627321685,"path_taken":["M","?","M","$","?","E","?","E","T","M","?","M","E","M","R","BOSS","M","M","?","$","?","E","M","E","T","R","M","?","?","M","R","BOSS","M","M","$","?","?","E","M","E","T","R","?","E","?","?","R","BOSS","BOSS","R","$","E"],"build_version":"2020-12-22","purchased_purges":3,"victory":false,"max_hp_per_floor":[71,71,71,71,71,71,71,71,71,71,71,71,71,71,71,71,71,71,71,71,71,71,71,71,76,76,76,76,76,76,76,76,76,76,76,76,76,76,76,76,76,76,76,76,76,88,84,84,84,84,84,84,84,84,84],"card_choices":[{"not_picked":["Reprogram","Redo"],"picked":"Glacier","floor":1.0},{"not_picked":["BootSequence","Darkness","Hologram"],"picked":"SKIP","floor":3.0},{"not_picked":["Go for the Eyes","Scrape"],"picked":"Rainbow","floor":6.0},{"not_picked":["Rebound","Tempest"],"picked":"Turbo","floor":7.0},{"not_picked":["Cold Snap","Fission"],"picked":"Rip and Tear","floor":10.0},{"not_picked":["Beam Cell","Steam"],"picked":"Compile Driver","floor":12.0},{"not_picked":["Tempest","Leap"],"picked":"Sweeping Beam","floor":13.0},{"not_picked":["Hello World","Turbo"],"picked":"Coolheaded","floor":14.0},{"not_picked":["All For One","Rainbow"],"picked":"Multi-Cast","floor":16.0},{"not_picked":["Genetic Algorithm","Turbo","Compile Driver"],"picked":"SKIP","floor":18.0},{"not_picked":["White Noise+1","Sweeping Beam"],"picked":"Core Surge","floor":19.0},{"not_picked":["Beam Cell","Leap"],"picked":"Redo+1","floor":22.0},{"not_picked":["Conserve Battery","Stack"],"picked":"Buffer","floor":23.0},{"not_picked":["Beam Cell+1","Go for the Eyes"],"picked":"Defragment","floor":24.0},{"not_picked":["Fusion","Compile Driver","Hologram"],"picked":"SKIP","floor":25.0},{"not_picked":["Barrage","Multi-Cast","Beam Cell"],"picked":"SKIP","floor":28.0},{"not_picked":["Reinforced Body","Gash","Hologram"],"picked":"SKIP","floor":31.0},{"not_picked":["Multi-Cast","Amplify"],"picked":"Creative AI+1","floor":33.0},{"not_picked":["Coolheaded","Leap","White Noise"],"picked":"SKIP","floor":35.0},{"not_picked":["Cold Snap","Ball Lightning"],"picked":"Steam Power+1","floor":36.0},{"not_picked":["Dramatic Entrance","Transmutation"],"picked":"Thinking Ahead","floor":38.0},{"not_picked":["Compile Driver+1","Redo","Gash"],"picked":"SKIP","floor":40.0},{"not_picked":["Rip and Tear+1","Rebound","Go for the Eyes"],"picked":"SKIP","floor":41.0},{"not_picked":["Conserve Battery","Creative AI+1","Genetic Algorithm+1"],"picked":"SKIP","floor":42.0},{"not_picked":["Rebound","Coolheaded","Chill"],"picked":"SKIP","floor":46.0},{"not_picked":["Rebound","Coolheaded","Chill"],"picked":"SKIP","floor":46.0}],"player_experience":1385541,"relics_obtained":[{"floor":6.0,"key":"MawBank"},{"floor":7.0,"key":"Odd Mushroom"},{"floor":8.0,"key":"Bag of Preparation"},{"floor":13.0,"key":"Bronze Scales"},{"floor":22.0,"key":"Red Mask"},{"floor":23.0,"key":"DataDisk"},{"floor":25.0,"key":"Anchor"},{"floor":26.0,"key":"Darkstone Periapt"},{"floor":40.0,"key":"Akabeko"},{"floor":42.0,"key":"Potion Belt"},{"floor":43.0,"key":"Centennial Puzzle"},{"floor":46.0,"key":"Strawberry"}],"event_choices":[{"damage_healed":0.0,"max_hp_gain":0.0,"max_hp_loss":0.0,"gold_gain":150.0,"event_name":"Liars Game","player_choice":"AGREE","floor":2.0,"gold_loss":0.0,"damage_taken":0.0,"cards_obtained":["Doubt"]},{"damage_healed":0.0,"max_hp_gain":0.0,"max_hp_loss":0.0,"gold_gain":0.0,"event_name":"The Cleric","player_choice":"Leave","floor":5.0,"gold_loss":0.0,"damage_taken":0.0},{"damage_healed":0.0,"max_hp_gain":0.0,"max_hp_loss":0.0,"gold_gain":0.0,"event_name":"Mushrooms","player_choice":"Fought Mushrooms","floor":7.0,"gold_loss":0.0,"damage_taken":0.0},{"damage_healed":0.0,"max_hp_gain":0.0,"max_hp_loss":0.0,"gold_gain":0.0,"event_name":"Living Wall","player_choice":"Grow","floor":11.0,"gold_loss":0.0,"damage_taken":0.0,"cards_upgraded":["Rip and Tear"]},{"damage_healed":0.0,"max_hp_gain":0.0,"max_hp_loss":0.0,"gold_gain":0.0,"event_name":"Vampires","player_choice":"Ignored","floor":20.0,"gold_loss":0.0,"damage_taken":0.0},{"damage_healed":0.0,"max_hp_gain":0.0,"max_hp_loss":0.0,"gold_gain":0.0,"event_name":"Masked Bandits","player_choice":"Fought Bandits","floor":22.0,"gold_loss":0.0,"damage_taken":0.0},{"damage_healed":0.0,"max_hp_gain":0.0,"max_hp_loss":0.0,"gold_gain":0.0,"event_name":"Back to Basics","player_choice":"Simplicity","floor":29.0,"gold_loss":0.0,"damage_taken":0.0,"cards_upgraded":["Strike_B","Strike_B","Strike_B","Defend_B","Defend_B","Defend_B","Defend_B"]},{"damage_healed":0.0,"max_hp_gain":0.0,"max_hp_loss":0.0,"gold_gain":0.0,"event_name":"SensoryStone","player_choice":"Memory 1","floor":38.0,"gold_loss":0.0,"damage_taken":0.0},{"cards_removed":["Conserve Battery"],"damage_healed":0.0,"max_hp_gain":0.0,"max_hp_loss":0.0,"gold_gain":0.0,"event_name":"Falling","player_choice":"Removed Skill","floor":39.0,"gold_loss":0.0,"damage_taken":0.0},{"damage_healed":0.0,"max_hp_gain":0.0,"max_hp_loss":4.0,"gold_gain":0.0,"event_name":"Winding Halls","player_choice":"Max HP","floor":47.0,"gold_loss":0.0,"damage_taken":0.0},{"damage_healed":0.0,"max_hp_gain":0.0,"max_hp_loss":0.0,"gold_gain":0.0,"event_name":"Mysterious Sphere","player_choice":"Ignored","floor":48.0,"gold_loss":0.0,"damage_taken":0.0}],"is_beta":false,"boss_relics":[{"not_picked":["Ectoplasm","Nuclear Battery"],"picked":"Coffee Dripper"},{"not_picked":["Pandora\u0027s Box","Calling Bell"],"picked":"Empty Cage"}],"items_purged_floors":[4,21,30],"is_endless":false,"potions_floor_spawned":[1,6,7,13,14,16,22,23,25,33,36,41,46],"killed_by":"Shield and Spear","ascension_level":20}