{"gold_per_floor":[111,111,111,125,125,158,158,184,184,30,56,66,66,80,80,153,153,170,185,185,185,195,195,195],"floor_reached":24,"playtime":1159,"items_purged":["Decay"],"score":478,"play_id":"b16df07b-173b-4ee9-86de-7bdbe398490a","local_time":"20210725112059","is_ascension_mode":true,"campfire_choices":[{"data":"Zap","floor":7.0,"key":"SMITH"},{"data":"Creative AI","floor":13.0,"key":"SMITH"},{"data":"Dualcast","floor":15.0,"key":"SMITH"},{"floor":23,"key":"RECALL"}],"neow_cost":"NONE","seed_source_timestamp":830114634923600,"circlet_count":0,"master_deck":["AscendersBane","Strike_B","Strike_B","Strike_B","Strike_B","Defend_B","Defend_B","Defend_B","Defend_B","Zap+1","Dualcast+1","FTL","Steam+1","Genetic Algorithm+1","Self Repair","Creative AI+1","Steam+1","Aggregate+1","Core Surge","Hologram+1","Conserve Battery+1","Compile Driver+1"],"special_seed":0,"relics":["Cracked Core","NeowsBlessing","Toxic Egg 2","Art of War","Akabeko","Dead Branch","Fusion Hammer"],"potions_floor_usage":[19,24],"damage_taken":[{"damage":0.0,"enemies":"Small Slimes","floor":1.0,"turns":1.0},{"damage":0.0,"enemies":"Cultist","floor":4.0,"turns":1.0},{"damage":0.0,"enemies":"Gremlin Nob","floor":6.0,"turns":1.0},{"damage":47.0,"enemies":"Lagavulin","floor":8.0,"turns":9.0},{"damage":30.0,"enemies":"3 Sentries","floor":11.0,"turns":7.0},{"damage":7.0,"enemies":"Jaw Worm","floor":12.0,"turns":3.0},{"damage":2.0,"enemies":"Exordium Wildlife","floor":14.0,"turns":4.0},{"damage":15.0,"enemies":"Slime Boss","floor":16.0,"turns":8.0},{"damage":19.0,"enemies":"Shell Parasite","floor":18.0,"turns":6.0},{"damage":1,"enemies":"2 Thieves","floor":19,"turns":4},{"damage":0,"enemies":"Centurion and Healer","floor":22,"turns":8},{"damage":75,"enemies":"Gremlin Leader","floor":24,"turns":9}],"seed_played":"840620776480486959","potions_obtained":[{"floor":1.0,"key":"FairyPotion"},{"floor":11.0,"key":"Regen Potion"},{"floor":16.0,"key":"FearPotion"}],"is_trial":false,"path_per_floor":["M","?","$","M","?","E","R","E","T","$","E","M","R","M","R","B",null,"M","M","?","?","M","R","E"],"character_chosen":"DEFECT","items_purchased":["Self Repair"],"campfire_rested":0,"item_purchase_floors":[10],"current_hp_per_floor":[64,64,64,64,64,64,64,17,17,17,23,23,23,28,28,20,58,46,52,52,52,59,59,0],"gold":195,"neow_bonus":"THREE_ENEMY_KILL","is_prod":false,"is_daily":false,"chose_seed":false,"campfire_upgraded":3,"win_rate":0,"timestamp":1627183259,"path_taken":["M","?","$","M","?","E","R","E","T","$","E","M","R","M","R","BOSS","M","M","?","?","M","R","E"],"build_version":"2020-12-22","purchased_purges":1,"victory":false,"max_hp_per_floor":[71,71,71,71,71,71,71,71,71,71,71,71,71,71,71,71,71,71,71,71,71,71,71,71],"card_choices":[{"not_picked":["Scrape","Coolheaded"],"picked":"FTL","floor":1.0},{"not_picked":["Melter","Go for the Eyes","Heatsinks"],"picked":"SKIP","floor":4.0},{"not_picked":["Stack+1","Leap+1"],"picked":"Steam+1","floor":6.0},{"not_picked":["Cold Snap","Static Discharge"],"picked":"Genetic Algorithm+1","floor":8.0},{"not_picked":["Conserve Battery+1","Leap+1"],"picked":"Creative AI","floor":11.0},{"not_picked":["Cold Snap","Streamline"],"picked":"Steam+1","floor":12.0},{"not_picked":["Stack+1","Auto Shields+1"],"picked":"Aggregate+1","floor":14.0},{"not_picked":["Buffer","Machine Learning"],"picked":"Core Surge","floor":16.0},{"not_picked":["Genetic Algorithm+1","Loop"],"picked":"Hologram+1","floor":18.0},{"not_picked":["Barrage","Leap+1"],"picked":"Conserve Battery+1","floor":19},{"not_picked":["Self Repair","Hologram+1"],"picked":"Compile Driver+1","floor":22}],"player_experience":1379330,"relics_obtained":[{"floor":6.0,"key":"Toxic Egg 2"},{"floor":8.0,"key":"Art of War"},{"floor":9.0,"key":"Akabeko"},{"floor":11.0,"key":"Dead Branch"}],"event_choices":[{"damage_healed":0.0,"max_hp_gain":0.0,"max_hp_loss":0.0,"gold_gain":0.0,"event_name":"Golden Wing","player_choice":"Ignored","floor":2.0,"gold_loss":0.0,"damage_taken":0.0},{"damage_healed":0.0,"max_hp_gain":0.0,"max_hp_loss":0.0,"gold_gain":0.0,"event_name":"Wheel of Change","player_choice":"Cursed","floor":5.0,"gold_loss":0.0,"damage_taken":0.0,"cards_obtained":["Decay"]},{"damage_healed":0,"gold_gain":0,"player_choice":"Ignored","damage_taken":0,"max_hp_gain":0,"max_hp_loss":0,"event_name":"Cursed Tome","floor":20,"gold_loss":0},{"damage_healed":0,"gold_gain":0,"player_choice":"Ignored","damage_taken":0,"max_hp_gain":0,"max_hp_loss":0,"event_name":"Ghosts","floor":21,"gold_loss":0}],"is_beta":false,"boss_relics":[{"not_picked":["FrozenCore","Velvet Choker"],"picked":"Fusion Hammer"}],"items_purged_floors":[10],"is_endless":false,"potions_floor_spawned":[1,11,16],"killed_by":"Gremlin Leader","ascension_level":20}