{"gold_per_floor":[216,234,70,10,27,27,54,67,146,146,163,189,189,207,207,207],"floor_reached":16,"playtime":478,"items_purged":[],"score":274,"play_id":"bbab4642-d5bf-40fa-8fd0-96fb9d21f661","local_time":"20210726133253","is_ascension_mode":true,"campfire_choices":[{"data":"Buffer","floor":6.0,"key":"SMITH"},{"data":"Aggregate","floor":13.0,"key":"SMITH"},{"data":"Stack","floor":15.0,"key":"SMITH"}],"neow_cost":"NONE","seed_source_timestamp":924932341961100,"circlet_count":0,"master_deck":["AscendersBane","Strike_B","Strike_B","Strike_B","Strike_B","Defend_B","Defend_B","Defend_B","Defend_B","Zap","Dualcast","Ball Lightning","Compile Driver","Compile Driver","Buffer+1","Aggregate+1","Undo","Ball Lightning","Stack+1"],"special_seed":0,"relics":["Cracked Core","Orrery","TungstenRod","Kunai","Oddly Smooth Stone"],"potions_floor_usage":[],"damage_taken":[{"damage":6.0,"enemies":"Cultist","floor":1.0,"turns":3.0},{"damage":7.0,"enemies":"Small Slimes","floor":2.0,"turns":3.0},{"damage":0.0,"enemies":"Jaw Worm","floor":5.0,"turns":3.0},{"damage":8.0,"enemies":"Gremlin Nob","floor":7.0,"turns":3.0},{"damage":13.0,"enemies":"Gremlin Gang","floor":8.0,"turns":3.0},{"damage":15.0,"enemies":"Exordium Thugs","floor":11.0,"turns":5.0},{"damage":0.0,"enemies":"Lagavulin","floor":12.0,"turns":6.0},{"damage":0.0,"enemies":"Looter","floor":14.0,"turns":3.0},{"damage":28,"enemies":"Slime Boss","floor":16,"turns":7}],"seed_played":"9082390468911692809","potions_obtained":[{"floor":2.0,"key":"DistilledChaos"},{"floor":7.0,"key":"SneckoOil"},{"floor":8.0,"key":"CultistPotion"}],"is_trial":false,"path_per_floor":["M","M","$","?","M","R","E","M","T","?","M","E","R","M","R","B"],"character_chosen":"DEFECT","items_purchased":["Orrery"],"campfire_rested":0,"item_purchase_floors":[3],"current_hp_per_floor":[58,51,51,51,51,51,43,30,30,30,15,15,15,15,15,0],"gold":207,"neow_bonus":"HUNDRED_GOLD","is_prod":false,"is_daily":false,"chose_seed":false,"campfire_upgraded":3,"win_rate":0,"timestamp":1627277573,"path_taken":["M","M","$","?","M","R","E","M","T","?","M","E","R","M","R","BOSS"],"build_version":"2020-12-22","purchased_purges":0,"victory":false,"max_hp_per_floor":[71,71,71,71,71,71,71,71,71,71,71,71,71,71,71,71],"card_choices":[{"not_picked":["Rebound","Go for the Eyes"],"picked":"Ball Lightning","floor":1.0},{"not_picked":["Barrage","Rebound"],"picked":"Compile Driver","floor":2.0},{"not_picked":["Barrage","Recycle"],"picked":"Compile Driver","floor":3.0},{"not_picked":["Leap","Cold Snap"],"picked":"Buffer","floor":3.0},{"not_picked":["Creative AI","Beam Cell"],"picked":"Aggregate","floor":3.0},{"not_picked":["Fusion","Lockon","Beam Cell"],"picked":"SKIP","floor":5.0},{"not_picked":["Double Energy","Loop"],"picked":"Undo","floor":7.0},{"not_picked":["Fusion","Go for the Eyes"],"picked":"Ball Lightning","floor":8.0},{"not_picked":["Leap","Redo","Fusion"],"picked":"SKIP","floor":11.0},{"not_picked":["Melter","Aggregate","Steam"],"picked":"SKIP","floor":12.0},{"not_picked":["Force Field","Steam"],"picked":"Stack","floor":14.0}],"player_experience":1383213,"relics_obtained":[{"floor":7.0,"key":"TungstenRod"},{"floor":9.0,"key":"Kunai"},{"floor":12.0,"key":"Oddly Smooth Stone"}],"event_choices":[{"damage_healed":0.0,"max_hp_gain":0.0,"max_hp_loss":0.0,"gold_gain":0.0,"event_name":"World of Goop","player_choice":"Left Gold","floor":4.0,"gold_loss":60.0,"damage_taken":0.0},{"damage_healed":0.0,"max_hp_gain":0.0,"max_hp_loss":0.0,"gold_gain":0.0,"event_name":"Golden Idol","player_choice":"Ignored","floor":10.0,"gold_loss":0.0,"damage_taken":0.0}],"is_beta":false,"boss_relics":[],"items_purged_floors":[],"is_endless":false,"potions_floor_spawned":[2,7,8],"killed_by":"Slime Boss","ascension_level":20}